2414 3659
1398 383 1479 426 XII

688 525 990 595 quibusdam
1055 523 1181 575 locis
1244 541 1350 574 non
1409 537 1612 590 prorsus
1667 536 1786 571 cum
1844 517 2192 586 manuscripto

687 622 1086 676 Vindobonensi
1126 632 1384 689 congruat.

802 723 858 774 In
907 721 1035 773 libro
1083 721 1333 788 impresso
1376 729 1610 787 praeterea
1640 715 1904 782 Johannes
1942 714 2192 767 Pratensis

687 820 934 888 adjunxit:
977 820 1028 870 in
1069 818 1217 870 initio
1256 817 1367 869 libri
1406 834 1592 885 poema
1619 814 1863 883 Tychoni
1902 812 2191 865 dedicatum

688 938 714 971 a
746 922 957 968 Johanne
985 920 1237 967 Francisco
1263 919 1461 979 Ripensi
1497 913 1695 978 (danice
1726 913 1868 964 Hans
1897 911 2191 977 Frandsen)‚

689 1017 969 1086 professore
1010 1014 1280 1067 medicinae
1311 1012 1596 1065 Hauniensi
1635 1030 1694 1063 ex
1732 1010 1926 1080 oppido
1962 1010 2104 1073 Ribe‚
2146 1021 2193 1062 et

689 1127 922 1184 praeterea
958 1114 1140 1166 litteras
1185 1132 1211 1165 a
1241 1112 1477 1179 Johanne
1518 1110 1740 1162 Pratensi
1778 1109 1837 1161 ad
1875 1109 2191 1178 Tyehonem

689 1227 736 1266 et
773 1213 832 1266 ad
871 1213 1016 1265 illum
1043 1231 1069 1264 a.
1096 1211 1349 1280 Tychone
1380 1210 1608 1278 scriptas;
1648 1209 1699 1260 in
1739 1207 1842 1260 fine
1869 1207 1980 1260 libri
2008 1225 2194 1276 poema

687 1316 890 1362 Andreae
951 1314 1113 1371 Velleji
1173 1309 1370 1374 (danice
1426 1307 1626 1360 Anders
1683 1307 1939 1359 Sorensen
1996 1305 2190 1370 Vedel)‚

688 1411 890 1462 illustris
944 1407 1335 1476 historiographi
1392 1406 1525 1458 Dani
1576 1417 1624 1458 et
1678 1418 1823 1457 antea
1872 1404 2193 1473 praeceptoris

689 1508 960 1561 domestici
998 1506 1282 1575 Tychonis

802 1608 873 1660 Ut
927 1605 1281 1673 intelligantur,
1339 1621 1450 1672 quae
1507 1603 1558 1654 in
1616 1602 1695 1654 his
1743 1601 1994 1671 poematis
2042 1613 2090 1653 et
2138 1601 2190 1652 in

687 1705 956 1775 Tychonis
1003 1704 1158 1771 elegia
1202 1703 1255 1755 in
1304 1702 1549 1755 Uraniam
1598 1701 1658 1753 de
1706 1700 1939 1769 personis
1984 1712 2032 1752 et
2069 1699 2196 1752 locis

688 1822 865 1874 parum
889 1803 1024 1856 notis
1046 1803 1298 1865 dicuntur,
1327 1801 1435 1853 haec
1458 1800 1722 1852 monenda
1741 1812 1880 1852 sunt:
1909 1798 2196 1868 TychoniS,

690 1904 831 1971 cujus
870 1920 1067 1955 nomen
1109 1901 1261 1971 patria
1301 1900 1472 1968 lingua
1511 1911 1610 1951 erat
1654 1903 1778 1962 Tyye
1821 1902 2006 1949 Ottesen
2042 1897 2197 1962 (filius

690 2002 927 2067 Ottonis)
964 2004 1138 2063 Brake,
1188 2013 1322 2069 pater
1359 2011 1459 2051 erat
1502 2002 1605 2048 Otto
1642 2001 1803 2047 Brahe
1846 1996 2094 2049 dominus
2136 1995 2196 2048 de

687 2103 978 2163 Knudstrup.
1063 2098 1365 2150 Avunculus
1404 2098 1509 2165 ejus
1547 2108 1647 2149 erat
1687 2099 1799 2147 Sten
1833 2099 1957 2145 Billa
1996 2094 2196 2160 (Bilde),

689 2199 775 2267 qui
838 2197 1209 2250 monasterium
1267 2196 1601 2248 Cisterciense
1655 2197 1921 2245 Herrisvad
1983 2193 2197 2246 feudum

690 2297 877 2349 habuit.
959 2297 1083 2348 Haec
1130 2295 1235 2346 duo
1283 2294 1492 2358 castella,
1543 2312 1649 2346 non
1703 2293 1926 2346 multum
1974 2292 2103 2344 inter
2147 2309 2199 2343 se

690 2395 937 2459 distantia,
995 2395 1047 2446 in
1106 2397 1282 2444 Scania
1337 2393 1573 2458 (Skaane)
1628 2392 1721 2445 sita
1775 2403 1927 2444 erant.
2020 2390 2201 2443 Scania

689 2506 859 2546 autem
922 2511 1042 2546 curn
1099 2492 1286 2560 adjecta
1333 2491 1498 2543 insula
1546 2492 1695 2543 Hven
1746 2509 1772 2543 a
1824 2502 2019 2542 vetusta
2079 2489 2200 2541 anti-

690 2592 876 2660 quitate
941 2592 1220 2644 etiamtunc
1276 2591 1456 2642 Daniae
1519 2602 1634 2654 erat,
1701 2607 1809 2641 non
1866 2588 2038 2641 solum
2094 2588 2199 2655 jure

691 2690 906 2759 imperii,
963 2689 1050 2742 sed
1099 2690 1249 2742 etiam
1307 2689 1478 2756 lingua
1523 2700 1571 2740 et
1616 2687 1848 2740 moribus
1895 2686 2197 2739 incolarum.

692 2788 976 2852 Herrisvad,
1011 2788 1097 2841 ubi
1124 2788 1309 2857 Tycho
1339 2787 1419 2840 die
1448 2787 1521 2839 XI
1550 2786 1864 2840 Novembris
1896 2785 2200 2838 MDLXXII
