2414 3659
1259 403 1356 446 VIII

559 544 728 596 emisit
765 543 949 612 Tycho
995 543 1261 595 etiamtum
1309 541 1530 608 juvenis;
1581 552 1726 592 natus
1775 541 1916 592 enim
1963 551 2063 591 erat

560 642 639 694 die
688 642 809 694 XIV
857 641 1157 693 Decembris
1216 640 1398 693 veteris
1446 639 1545 691 stili
1594 639 1716 690 anni
1765 638 2058 691 MDXLVI.

557 742 725 809 Itaque
776 740 826 791 in
869 758 931 792 eo
970 739 1127 792 lector
1166 739 1352 808 peritus
1391 738 1549 807 ipsius
1586 737 1750 790 verbis
1788 736 2060 806 Tychonis

558 840 719 908 prima
778 839 916 908 quasi
966 839 1197 906 germina
1246 856 1444 906 magnae
1494 836 1826 889 astronomiae
1876 836 2059 887 instau-

556 938 765 990 rationis
820 937 879 989 ab
936 955 997 989 eo
1055 949 1227 1005 postea
1280 936 1502 989 fundatae
1553 935 1782 1004 agnoscit
1831 935 2058 999 edoctUS,

556 1048 739 1104 quanta
777 1036 970 1102 ingenii
1010 1036 1292 1088 maturitate
1331 1035 1411 1088 ille
1449 1035 1548 1102 jam
1587 1047 1710 1087 tunc
1750 1034 2062 1102 problemata

555 1134 901 1187 astronomica
947 1152 1204 1201 aggressus
1253 1134 1330 1197 sit,
1396 1134 1576 1185 omnia
1618 1132 2060 1185 observationibus

554 1234 781 1286 tribuens
832 1245 879 1285 et
941 1251 1133 1285 »caecos
1180 1232 1309 1285 coeli
1359 1244 1690 1301 spectatores«
1743 1250 1898 1301 eaque
1948 1249 2060 1300 quae

564 1350 699 1383 »non
769 1331 884 1384 satis
946 1332 1050 1383 suis
1121 1331 1348 1383 numeris
1413 1343 1671 1383 constare«
1748 1331 2062 1383 arbitraretur

555 1443 859 1498 aspernatUS‚
917 1431 968 1482 in
1027 1430 1086 1482 iis
1142 1449 1346 1499 quoque
1397 1449 1509 1499 quae
1562 1443 1685 1482 tunc
1731 1430 1980 1498 temporis
2035 1448 2062 1481 a

555 1529 779 1581 siderum
818 1528 1101 1597 aspectibus
1140 1528 1423 1597 dependere
1450 1528 1764 1597 putabantur,
1806 1541 2060 1580 meteoro-

554 1627 731 1695 logicis
786 1627 976 1679 scilicet
1031 1640 1078 1679 et
1134 1627 1462 1695 astrologici8‚
1521 1627 1660 1695 quod
1718 1627 1930 1679 nonnisi
1977 1645 2062 1695 per

562 1726 981 1794 »experientiam«
1009 1726 1271 1778 continuis
1298 1725 1741 1778 observationibus
1762 1726 2058 1794 acquisitam

549 1825 663 1877 sciri
704 1838 888 1893 posset,
935 1825 1235 1894 »quomodo
1266 1826 1523 1895 superiora
1558 1838 1683 1878 astra
1712 1844 1831 1878 cum
1860 1825 2061 1878 inferio-

548 1924 685 1976 ribus
736 1925 1134 1977 consentirent«.
1211 1924 1445 1994 Apparet,
1496 1943 1648 1994 quam
1699 1937 1840 1978 caute
1888 1925 1949 1977 de
2001 1926 2061 1977 iis

551 2041 663 2091 quae
715 2022 953 2075 nondum
1004 2023 1109 2075 suis
1156 2023 1600 2076 observationibus
1650 2024 2058 2093 comprobaverit

551 2122 856 2174 sententiam
897 2121 1126 2189 proferat,
1167 2122 1304 2174 velut
1343 2122 1403 2174 de
1443 2122 1679 2175 distantia
1717 2135 2059 2186 cometarum;

557 2222 700 2273 »Deo
753 2220 951 2284 dante«,
1001 2221 1180 2289 inquit,
1246 2220 1561 2290 »aliquandQ
1609 2222 1650 2274 si
1701 2235 1872 2275 nostra
1919 2235 2061 2275 aetate

552 2319 729 2388 aliquis
767 2319 982 2371 extiterit
1013 2332 1229 2384 cometa,
1271 2320 1377 2387 ejus
1406 2321 1475 2373 rei
1506 2321 1864 2374 certitudinem
1900 2322 2061 2391 inqui-

551 2435 767 2470 remus«
842 2418 1062 2487 Apparet
1092 2437 1244 2488 quam
1272 2419 1464 2472 fervido
1494 2438 1668 2473 amore
1690 2422 1894 2474 Uraniae
1923 2439 2062 2474 com-

554 2530 728 2570 motus
754 2517 915 2582 fuerit,
957 2518 1022 2570 ita
1051 2531 1106 2570 ut
1146 2537 1239 2571 nec
1277 2519 1464 2572 »natale
1498 2519 1698 2572 solum«
1736 2538 1829 2572 nec
1863 2520 2062 2573 »dulces

552 2617 731 2669 amici«
765 2635 884 2669 eum
913 2618 1125 2670 retinere
1152 2631 1377 2687 possent,
1405 2619 1446 2671 si
1474 2619 1679 2687 quando
1707 2619 1838 2688 apud
1865 2632 2062 2672 exteros

552 2715 799 2783 majorem
845 2734 957 2768 eam
1006 2716 1208 2769 colendi
1248 2717 1533 2770 facultatem
1574 2718 1874 2771 inventurus
1912 2731 2056 2771 esset.

664 2814 920 2868 Nondum
973 2816 1114 2868 enim
1162 2816 1347 2885 Tycho
1392 2835 1419 2869 a
1462 2820 1708 2868 Friderieo
1755 2821 1818 2867 ΙΙ
1879 2817 2059 2869 Daniae

551 2931 662 2980 rege
711 2913 865 2966 feudo
915 2915 1095 2968 insulae
1134 2916 1282 2968 Hven
1333 2916 1535 2969 dotatus
1584 2928 1699 2981 erat,
1749 2916 1835 2968 ubi
1886 2929 2061 2985 postea
