2414 3659
1439 319 1543 362 XIV

734 460 860 512 bum
899 478 1010 512 eam
1051 471 1241 528 partem
1286 457 1397 509 libri
1441 456 1546 522 (fol.
1586 457 1752 509 A—D
1793 460 1858 523 2),
1909 475 2021 526 quae
2068 471 2141 511 est
2179 459 2239 512 de

735 577 869 611 nova
921 557 1073 621 stella,
1131 556 1339 609 omissis
1392 568 1564 608 tamen
1623 555 1937 623 astrologicis
1993 557 2242 621 (»Caetera

734 675 846 726 quae
884 656 1271 725 praedictionem
1310 653 1664 721 astrologicam
1698 653 2033 707 continebant
2060 655 2241 709 volens

733 755 1021 823 relinquo«)
1069 766 1116 806 et
1165 752 1400 806 correctis
1447 751 1752 821 quibusdam
1798 753 2027 805 numeris
2065 754 2241 807 minus

733 865 956 906 accurate
1004 851 1311 920 computatis
1361 853 1495 916 (....
1527 868 1662 903 »non
1712 850 1900 920 ubique
1947 852 2064 904 satis
2111 870 2241 905 scru-

733 951 965 1020 pulosam
1006 950 1332 1002 adhibueram
1373 948 1704 1017 diligentiam,
1756 949 1893 1002 unde
1938 949 2128 1003 factum
2168 964 2242 1004 est

733 1049 870 1119 quod
908 1049 1055 1101 latera
1092 1061 1139 1101 et
1176 1047 1348 1116 anguli
1389 1066 1769 1116 nonnunquam
1808 1047 1977 1116 paullo
2017 1048 2154 1101 aliter
2188 1067 2241 1102 se

733 1148 1012 1212 habuerint,
1081 1165 1232 1215 quam
1297 1146 1397 1199 illic
1462 1145 1867 1214 assignabantur;
1934 1147 2239 1216 quibusdam

731 1247 881 1299 etiam
909 1246 1035 1298 vitio
1064 1245 1362 1314 typographi
1395 1245 1685 1314 depravatiS,
1718 1263 1830 1314 quae
1857 1257 2029 1298 tamen
2062 1247 2242 1299 omnia

732 1345 990 1413 praemissa
1043 1345 1213 1413 scripti
1268 1344 1569 1413 repetitione
1621 1344 1673 1396 in
1725 1344 1981 1412 integrum
2030 1346 2241 1398 restitui-

729 1447 915 1509 mus‹).
1014 1444 1117 1495 Has
1177 1443 1534 1507 correctioneS,
1592 1461 1705 1512 quae
1760 1443 1911 1495 etiam
1961 1443 2012 1495 in
2063 1444 2240 1497 codice

728 1542 1126 1594 Vindobonensi
1188 1559 1348 1609 10932
1414 1555 1497 1594 aut
1560 1542 1613 1594 in
1681 1541 1908 1610 margine
1973 1554 2057 1594 aut
2111 1542 2242 1595 inter

729 1640 886 1693 lineas
931 1659 1087 1693 manu
1133 1641 1411 1709 posteriore
1449 1641 1630 1693 additae
1668 1653 1803 1705 sunt,
1850 1641 1902 1693 in
1942 1640 2033 1693 hac
2073 1653 2241 1694 nostra

731 1739 956 1792 editione
1005 1740 1056 1791 in
1104 1738 1230 1791 folio
1269 1739 1439 1808 ipsum
1478 1739 1665 1792 librum
1705 1739 1936 1809 sequenti
1977 1739 2240 1793 collocavi-

732 1855 847 1890 mus
911 1838 1066 1890 simul
1127 1857 1247 1891 cum
1312 1838 1421 1891 aliis
1483 1838 1910 1903 correctionibUS,
1981 1857 2102 1908 quas
2156 1851 2241 1891 aut

731 1936 933 1988 collatio
973 1937 1165 1989 codicis
1210 1955 1371 2006 10932
1411 1949 1494 1990 aut
1531 1937 1600 1990 rei
1639 1938 1765 1990 ratio
1802 1949 2028 1990 accurate
2056 1938 2240 1990 exami-

732 2048 844 2088 nata
880 2035 1080 2099 obtulit,
1121 2036 1330 2088 omissis
1367 2048 1539 2089 tamen
1581 2036 1832 2089 erroribus
1862 2036 2240 2105 typographicis

729 2135 863 2203 parvi
913 2135 1171 2187 momenti
1219 2148 1268 2187 et
1305 2136 1390 2204 qui
1437 2136 1607 2188 statim
1655 2147 1921 2205 appareant
1958 2147 2005 2187 et
2052 2135 2113 2187 iis
2151 2135 2237 2204 qui

727 2233 828 2300 jam
867 2233 919 2285 in
958 2233 1139 2285 ultima
1176 2234 1355 2302 pagina
1392 2234 1550 2302 ipsius
1588 2233 1699 2286 libri
1738 2234 2041 2286 indicantur.

841 2331 991 2384 Liber
1036 2335 1109 2382 De
1157 2335 1291 2382 Nova
1339 2335 1484 2383 Stella
1536 2333 1588 2384 in
1640 2332 1731 2385 hac
1789 2345 1960 2385 nostra
2006 2332 2233 2385 editione

726 2448 824 2499 ope
862 2431 978 2483 artis
1016 2430 1430 2500 photographicae
1469 2444 1852 2500 repraesentatus
1882 2444 1929 2483 et
1959 2431 2237 2499 impressus

726 2542 813 2593 est,
862 2529 928 2581 ita
964 2542 1019 2581 ut
1056 2529 1327 2598 archetypo
1365 2548 1569 2599 prorsus
1607 2530 1790 2583 similis
1827 2530 1905 2594 sit,
1959 2530 2057 2582 nisi
2096 2529 2235 2599 quod

726 2627 869 2679 color
905 2628 1170 2680 atramenti
1208 2628 1415 2681 fortasse
1454 2628 1735 2697 paullulum
1775 2628 1955 2681 differt.

839 2725 1188 2794 Adjunximus
1244 2727 1362 2780 huic
1419 2727 1634 2780 editioni
1681 2740 1858 2796 praeter
1913 2726 2013 2779 hoc
2063 2727 2234 2795 ipsum

725 2825 1072 2892 prooemium,
1123 2825 1262 2894 quod
1300 2826 1537 2895 concepit
1575 2826 1632 2879 C.
1671 2827 1722 2879 F.
1763 2825 1982 2878 Pechule
2020 2825 2228 2878 sodalis:
