2414 3659
1095 373 1155 414 IX

373 529 458 580 per
502 511 627 563 XXI
673 529 838 563 annos
884 510 964 575 (ab
1011 527 1149 562 anno
1195 509 1523 560 MDLXXVI
1570 507 1629 559 ad
1677 526 1872 560 annum

371 610 864 674 MDLXXXXVII),
903 608 1011 660 aliis
1049 624 1252 676 quoque
1291 605 1529 658 subsidiis
1559 605 1616 657 ab
1644 606 1730 658 illo
1761 624 1872 674 rege

311 722 314 724 ·
371 719 419 760 et
446 708 724 759 Maecenate
762 724 857 758 suo
890 706 1018 773 large
1055 706 1344 767 instructuS,
1384 704 1729 756 observatorio
1758 723 1874 773 prae-

372 805 504 858 claro
560 804 882 872 Uraniburgo
947 821 1067 856 cum
1127 802 1322 871 adjecto
1378 802 1699 870 Stelloburgo
1755 821 1873 855 con-

371 914 562 956 structo
625 914 674 955 et
736 902 1090 954 instrumentis
1145 920 1171 954 a
1223 919 1274 953 se
1330 901 1622 969 excogitatis
1669 902 1874 954 munito

373 1001 622 1070 plurimos
670 1001 785 1054 illos
833 1000 1027 1054 labores
1073 1000 1133 1052 ad
1180 1000 1551 1052 astronomiam
1601 1000 1874 1053 instauran-

371 1099 488 1153 dam
527 1099 745 1169 perfecit.

486 1198 556 1250 At
598 1198 658 1251 de
703 1199 802 1251 vita
839 1209 888 1250 et
923 1197 1179 1250 laboribus
1216 1197 1486 1266 Tychonis
1525 1197 1762 1250 disserere
1793 1196 1874 1250 hic

373 1296 501 1349 nihil
519 1297 708 1350 attinet.
742 1297 819 1349 De
834 1297 934 1349 vita
952 1297 1057 1365 ejus
1077 1296 1333 1365 imprimis
1352 1295 1551 1348 abunde
1570 1295 1876 1364 scripserunt

371 1395 522 1448 latine
567 1398 798 1446 Gassendi
834 1395 1033 1448 Parisiis
1076 1398 1205 1463 1654
1242 1409 1290 1447 et
1321 1395 1476 1462 Hagae
1512 1397 1654 1463 1655,
1695 1394 1871 1447 danice

369 1498 427 1547 F.
442 1498 500 1544 R.
517 1497 647 1544 Friis
668 1494 885 1547 Hauniae
907 1496 1049 1562 1871,
1072 1494 1263 1561 anglice
1282 1497 1328 1543 J.
1345 1497 1402 1543 L.
1420 1497 1479 1543 Ε.
1497 1496 1696 1556 Dreyer,
1719 1493 1874 1545 socie-

372 1594 485 1646 tatis
508 1605 694 1645 nostrae
715 1592 918 1657 sodaliS,
935 1592 1215 1660 Edinburgi
1237 1594 1379 1659 1890,
1406 1592 1547 1659 cujus
1568 1609 1698 1660 opus
1719 1591 1873 1643 etiam

367 1692 655 1760 germanice
689 1693 1006 1761 interpretata
1040 1703 1112 1743 est
1138 1692 1294 1743 Maria
1319 1690 1521 1743 Bruhns
1550 1690 1874 1743 Caroliruhae

375 1793 518 1858 1894.
620 1791 862 1843 Praeterea
917 1790 977 1843 de
1032 1789 1271 1859 operibus
1325 1788 1594 1858 Tychonis
1649 1800 1872 1841 accurate

368 1889 566 1958 scripsit
619 1889 750 1941 inter
796 1888 989 1941 multos
1035 1888 1160 1941 alios
1205 1891 1456 1938 Delambre
1516 1887 1762 1952 (Histoire
1812 1887 1872 1939 de

367 1987 719 2041 l'astronomie
741 1986 989 2040 moderne
1011 1988 1031 2039 I
1052 2005 1158 2056 pag.
1187 1989 1418 2054 148—26
1428 1988 1473 2052 1)
1503 1985 1702 2038 Parisiis
1729 1988 1871 2038 1821.

370 2086 523 2155 Opus
560 2086 768 2155 Dreyeri
806 2085 946 2155 quod
984 2104 1132 2155 supra
1169 2086 1436 2138 citavimus
1479 2096 1654 2153 praeter
1691 2083 1874 2153 disqui-

368 2185 615 2238 sitionem
655 2197 942 2237 ceterorum
980 2202 1197 2253 operum
1236 2183 1506 2253 Tychonis
1544 2182 1696 2234 etiam
1735 2198 1873 2234 com-

371 2283 681 2336 mentarium
750 2283 867 2335 satis
931 2283 1161 2352 amplum
1227 2282 1339 2335 libri
1402 2285 1477 2331 De
1529 2282 1674 2331 Nova
1729 2283 1874 2330 Stella

370 2382 616 2435 continet.
708 2382 786 2434 De
841 2400 944 2450 quo
999 2381 1128 2434 libro
1184 2393 1233 2434 et
1286 2380 1346 2433 de
1403 2380 1493 2432 hac
1550 2391 1720 2432 nostra
1768 2379 1873 2446 ejus

370 2480 596 2533 editione
635 2480 734 2533 hoc
771 2480 890 2533 loco
928 2480 1162 2549 quaedam
1200 2479 1501 2547 subjungere
1538 2478 1654 2530 satis
1691 2489 1778 2529 est.

484 2579 573 2631 Est
620 2579 770 2647 igitur
813 2578 855 2631 is
892 2577 1030 2642 liber,
1079 2578 1221 2646 cujus
1258 2576 1442 2646 Tycho
1481 2576 1533 2628 in
1570 2578 1873 2625 Astronomiae

368 2680 649 2728 Instawratae
676 2680 1101 2741 Proyymnasmatis
1126 2676 1211 2728 fol.
1245 2676 1375 2729 Cccc
1401 2673 1663 2726 ult.—Ffff
1684 2691 1711 2725 2
1743 2675 1870 2741 (pag.

375 2777 661 2844 578—597)
706 2775 1032 2827 mentionem
1079 2773 1208 2826 facit.
1299 2772 1503 2825 Titulus
1550 2771 1655 2838 ejus
1693 2770 1872 2838 plenus

370 2874 556 2942 longus
605 2885 693 2926 est.
787 2872 1037 2925 Continet
1089 2871 1231 2923 enim
1280 2882 1455 2939 praeter
1499 2880 1762 2921 tractatum
1810 2867 1871 2920 de
