2414 3659
1024 363 1086 406 XI

302 516 596 569 Tractatum
637 510 697 562 de
742 505 913 575 eclipsi
959 503 1094 554 lunae
1133 499 1212 550 die
1252 500 1296 549 8.
1337 492 1636 546 Decembris
1680 506 1801 556 1573

304 615 482 676 futura,
539 610 625 679 qui
680 609 732 660 in
794 604 923 657 libro
979 602 1230 667 impresso
1284 613 1310 646 a
1359 592 1445 645 fol.
1502 591 1550 642 H
1607 588 1812 655 incipit;

305 712 392 766 fol.
433 712 496 763 68
538 751 586 761 ..
619 751 626 759 .
666 707 722 758 In
763 701 1008 756 Uraniam
1047 695 1273 763 Elegiam
1321 689 1554 751 auctoriS,
1603 703 1715 754 quae
1760 685 1811 735 in

309 810 438 863 libro
477 808 727 874 impresso
766 820 792 854 a
827 799 913 853 fol.
952 799 992 850 L
1031 794 1224 862 incipit.

425 905 530 959 Fol.
575 920 633 972 52
675 900 734 954 ad
771 899 933 951 finem
973 912 1131 948 manu
1160 888 1430 960 Tychonis
1472 884 1652 952 scripta
1682 892 1815 933 sunt.

312 1007 608 1074 Figurarum
662 999 821 1068 ipsius
872 994 1012 1048 diarii
1061 987 1376 1044 constructio
1424 985 1477 1036 in
1527 979 1819 1050 praefatione

315 1103 602 1173 explicatur.
661 1094 1108 1164 Octogonicarum
1146 1086 1463 1157 zyzygiarum
1504 1080 1612 1133 caeli
1649 1078 1821 1145 figurae

318 1221 409 1272 pro
456 1198 668 1268 singulis
717 1192 997 1255 mensibuS,
1056 1207 1168 1258 quae
1218 1197 1338 1238 octo
1385 1194 1585 1234 tantum
1638 1177 1826 1229 domos

319 1298 648 1370 Tychonicas
695 1293 981 1355 continent,
1032 1285 1254 1358 quadrati
1300 1283 1522 1336 formam
1562 1276 1827 1335 exhibent;

321 1400 496 1468 figurae
530 1413 652 1449 vero
690 1393 750 1446 ad
792 1402 1078 1461 quartarum
1118 1384 1238 1438 anni
1279 1393 1465 1434 statum
1506 1377 1828 1446 pertinenteS,

325 1516 437 1568 quae
484 1494 762 1548 duodecim
811 1490 1000 1542 domos
1045 1481 1373 1554 Tychonicas
1418 1476 1699 1536 continent,
1747 1471 1832 1523 cir-

328 1597 548 1651 cularem
585 1595 807 1646 formam
846 1586 1101 1647 exhibent,
1142 1594 1190 1634 et
1227 1578 1451 1632 omnino
1485 1572 1678 1626 similes
1715 1581 1834 1623 sunt

329 1696 502 1764 figurae
540 1692 651 1745 libri
688 1689 774 1742 fol.
813 1688 869 1740 E.
944 1686 1001 1737 In
1041 1683 1132 1735 hac
1170 1679 1327 1747 figura
1351 1674 1531 1744 gradus
1569 1684 1616 1724 et
1646 1668 1834 1722 minuti

331 1789 752 1848 circumferentiae
802 1784 974 1839 circuli
1030 1778 1263 1847 adscripti
1318 1774 1507 1827 limites
1555 1770 1836 1823 domorum

334 1892 689 1946 duodenarum
729 1887 781 1938 in
821 1894 1070 1953 aequatore
1104 1879 1364 1938 denotant,
1407 1873 1549 1940 signa
1585 1880 1754 1921 autem
1794 1877 1841 1916 et

332 1991 513 2061 gradus
550 1989 685 2057 juxta
720 1986 878 2037 lineas
915 1992 1070 2033 rectas
1108 1977 1288 2044 scripta
1333 1972 1392 2025 ad
1435 1969 1624 2022 limites
1661 1965 1841 2017 domo-

334 2108 450 2143 rum
486 2101 592 2141 tam
631 2083 987 2138 duodenarum
1026 2095 1178 2148 quam
1215 2085 1582 2139 octogenarum
1616 2066 1667 2117 in
1699 2062 1843 2129 eclip-

337 2190 435 2243 tica
472 2186 740 2257 pertinent.

454 2287 511 2338 In
557 2280 827 2350 exemplari
877 2274 1225 2342 manuscripto
1270 2268 1426 2331 diarii,
1476 2263 1613 2334 quod
1660 2258 1844 2327 Tycho

343 2402 521 2439 mense
565 2381 703 2449 Majo
752 2375 1079 2432 MDLXXIII
1118 2371 1178 2424 ad
1221 2369 1514 2436 Johannem
1554 2363 1845 2413 Pratensem

345 2483 604 2537 Hauniam
649 2475 1058 2547 imprimendum
1098 2470 1252 2533 misit,
1301 2464 1534 2535 quaedam
1574 2466 1850 2511 mutaverat

346 2595 395 2635 et
447 2580 752 2648 adjunxerat,
810 2573 1033 2627 maxime
1089 2588 1148 2622 ex
1203 2559 1642 2620 observationibus
1701 2571 1849 2608 novae

349 2680 503 2733 stellae
552 2677 610 2730 ab
658 2677 869 2728 ineunte
908 2687 1046 2723 anno
1083 2684 1243 2735 usque
1283 2663 1341 2716 ad
1381 2675 1616 2714 mensem
1655 2654 1848 2721 Majum

350 2779 665 2847 deprompta.
754 2771 907 2825 Unde
953 2768 1142 2820 factum
1190 2775 1277 2826 est,
1326 2773 1381 2813 ut
1417 2758 1540 2810 liber
1577 2756 1852 2821 impressus
