2414 3659
895 373 977 416 XV

301 515 346 577 1)
402 511 669 580 Exemplar
723 510 905 578 effigiei
949 509 1218 578 Tychonis
1274 509 1325 560 in
1383 508 1686 561 collectione

182 611 468 678 imaginum
522 627 630 662 aere
683 624 979 661 excusatum
1029 607 1314 659 Hauniensi
1361 619 1683 659 conservatae.

182 709 305 760 Haec
343 707 548 776 effigies,
588 725 700 776 quae
739 705 933 758 calamo
972 705 1217 757 delineata
1255 717 1328 757 est
1360 717 1407 757 et
1436 723 1538 757 rara
1569 704 1688 756 line-

181 824 324 858 arum
358 806 597 857 suavitate
626 803 836 867 excellit,
875 822 902 855 a
927 802 1258 872 quisbusdam
1296 805 1471 853 Goltzio
1501 803 1688 855 Batavo

181 903 430 967 tribuitur,
479 902 538 955 ab
586 902 694 955 aliis
731 914 901 954 autem
946 904 1255 965 Gempmhno,
1302 902 1481 970 pictori
1520 901 1689 969 Augu-

182 1014 345 1063 stan0‚
384 1019 538 1070 quem
576 1001 761 1070 Tycho
800 1001 852 1053 in
893 1000 1114 1052 Daniam
1152 1000 1436 1053 adduxerat.

294 1103 345 1166 2)
393 1099 624 1152 Indicem
669 1117 867 1163 eorum,
925 1116 1037 1168 quae
1094 1099 1390 1167 corrigenda
1444 1111 1578 1163 sunt,
1635 1111 1690 1151 ut

179 1216 328 1267 supra
355 1197 734 1267 explicavimus,
793 1197 944 1251 Ordo
973 1197 1219 1250 foliorum
1240 1197 1352 1250 libri
1374 1210 1469 1251 est:
1511 1200 1592 1264 ((:))
1623 1229 1691 1235 —

177 1305 221 1358 (:)
241 1315 269 1350 2
306 1328 375 1334 —
408 1304 497 1365 (:)3
540 1328 609 1334 —
644 1299 707 1362 ((:)
741 1296 1009 1362 ultimum)
1041 1328 1107 1333 —
1129 1304 1188 1357 (::)
1210 1327 1278 1333 —
1301 1304 1359 1358 (::)
1379 1315 1407 1349 2
1447 1297 1518 1362 (in
1560 1296 1688 1349 librO

181 1414 345 1450 errore
364 1400 442 1463 (::))
461 1404 604 1457 -—(::)
626 1414 646 1465 3
680 1427 748 1433 —
777 1399 855 1461 ((::)
872 1394 983 1461 ult.)
1012 1427 1079 1432 —
1106 1395 1154 1447 A
1182 1427 1251 1433 —
1279 1395 1325 1448 A
1347 1414 1375 1448 2
1404 1427 1471 1432 —
1497 1396 1544 1448 A
1569 1414 1589 1464 3
1623 1427 1690 1432 ——

181 1496 250 1562 (A
270 1496 380 1562 ult.)
408 1527 476 1533 -
504 1497 544 1548 B
572 1527 640 1533 —
666 1495 706 1548 Β
729 1513 756 1548 2
786 1526 854 1531 —
879 1494 918 1546 B
944 1512 964 1563 3
998 1525 1066 1531 —-
1092 1494 1153 1560 (B
1174 1494 1285 1560 ult.)
1315 1506 1429 1557 etc.;
1469 1495 1691 1547 secunda

182 1595 360 1663 pagina
396 1594 719 1663 singulorum
760 1593 1004 1646 foliorum
1045 1605 1269 1646 notatur:
1310 1593 1432 1646 facie
1473 1611 1518 1646 2.

299 1697 347 1762 3)
400 1697 475 1743 Til
511 1697 699 1743 Danske
735 1697 934 1755 Loesere,
977 1692 1239 1762 epilogum
1286 1691 1457 1760 lingua
1493 1692 1687 1745 Danica

178 1792 440 1860 scriptum,
489 1792 541 1844 in
589 1810 692 1861 quo
740 1792 949 1844 historia
991 1791 1102 1844 libri
1140 1792 1346 1860 ejusque
1384 1808 1591 1844 summa
1626 1791 1687 1844 ad

178 1890 475 1959 popularem
514 1890 902 1959 intelligentiam
935 1889 1326 1943 accommodate
1358 1902 1686 1958 exponuntur

178 1988 437 2058 (concepit
475 1990 531 2042 C.
572 1990 623 2042 Fi
663 1989 918 2054 Pechule).

293 2090 345 2154 4)
391 2088 665 2157 Specimen
715 2105 899 2140 manus
944 2086 1215 2156 Tychonis
1262 2105 1287 2140 e
1339 2087 1687 2156 manuscripto

178 2186 579 2240 Vindobonensi
606 2204 767 2256 10932
799 2204 897 2255 ope
926 2186 1041 2239 artis
1071 2185 1485 2255 photographicae
1515 2203 1687 2255 reprae-

179 2297 435 2338 sentatum
474 2288 539 2351 (v,
578 2285 664 2338 fol.
704 2286 799 2342 H2
836 2284 925 2338 fac.
966 2286 1117 2339 2-H
1143 2287 1206 2353 3).

297 2384 491 2437 Gratias
529 2402 683 2453 quam
722 2384 970 2436 maximas
1007 2384 1206 2452 agimus
1236 2381 1480 2452 praefectis
1512 2382 1689 2435 biblio-

179 2481 340 2534 thecae
395 2481 668 2550 imperialis
723 2482 1150 2535 Vindobonensis
1214 2481 1282 2534 ob
1343 2480 1687 2533 liberalitatem

180 2580 694 2650 benevolentiamque
744 2580 1067 2654 singularem,
1129 2598 1226 2649 qua
1284 2579 1488 2632 codices
1542 2597 1690 2648 supra

183 2691 625 2732 commemoratos
673 2691 907 2732 nostrum
957 2679 1009 2731 in
1048 2696 1200 2731 usum
1241 2677 1499 2730 Hauniam
1536 2689 1688 2730 trans-

183 2777 448 2841 miserunt,
522 2777 645 2829 item
711 2776 956 2845 praefectis
1019 2775 1342 2829 bibliothecae
1405 2776 1575 2843 Regiae
1640 2788 1689 2828 et

185 2875 510 2928 bibliothecae
542 2874 895 2928 Universitatis
922 2874 1318 2938 Hauniensium,
1358 2873 1497 2942 quod
1534 2891 1686 2926 usum
