2414 3659
804 931 1411 995 PROOEMIUM.

474 1173 635 1280 Die
674 1226 848 1278 XXIV
887 1224 1134 1279 Octobris
1184 1223 1334 1291 hujus
1383 1221 1503 1274 anni
1542 1220 1860 1274 MDCCCCI

348 1327 560 1380 trecenti
597 1326 718 1378 anni
754 1324 904 1393 elapsi
935 1335 1056 1376 sunt
1086 1334 1201 1391 post
1231 1332 1453 1373 mortem
1488 1320 1682 1371 summi
1712 1332 1861 1371 astro-

352 1426 501 1479 nomi
548 1425 682 1477 Dani
738 1426 964 1487 Tyehonis
1000 1424 1175 1482 Brake,
1225 1437 1381 1488 quem
1428 1419 1594 1485 Pragae
1639 1418 1690 1469 in
1738 1417 1860 1469 urbe

350 1524 619 1577 Bohemiae
657 1522 737 1575 die
768 1522 940 1574 XXIV
973 1519 1219 1574 Octobris
1256 1517 1355 1570 stili
1384 1517 1506 1569 novi
1536 1516 1656 1568 anni
1683 1516 1861 1568 MDCI

351 1623 539 1676 obiisse
578 1634 764 1674 notum
804 1633 891 1673 est.

465 1721 547 1774 Ad
587 1720 894 1773 memoriam
935 1719 1040 1786 ejus
1078 1717 1177 1769 diei
1208 1714 1557 1768 celebrandam
1588 1713 1742 1781 Regia
1770 1714 1859 1765 So-

352 1823 502 1875 cietas
549 1819 887 1872 Scientiarum
932 1817 1126 1869 Danica
1170 1815 1356 1867 librum
1405 1814 1525 1881 ejus
1574 1812 1659 1880 qui
1705 1811 1858 1879 vulgo

350 1925 426 1971 De
463 1923 599 1970 Nova
637 1921 782 1968 Stella
818 1916 1102 1985 appellatur,
1143 1914 1315 1966 denuo
1354 1912 1498 1964 edere
1537 1910 1815 1962 constituit.

465 2018 550 2071 Ille
605 2016 730 2068 liber
783 2015 947 2078 enim,
1014 2014 1099 2082 qui
1154 2030 1293 2064 anno
1348 2009 1676 2063 MDLXXIII
1729 2008 1861 2077 typis

351 2117 609 2172 Laurentii
635 2113 898 2167 Benedicti
926 2113 1203 2181 impressus
1231 2110 1448 2163 Hauniae
1476 2107 1676 2177 prodiit,
1707 2106 1860 2159 hodie

351 2216 637 2270 rarissimus
667 2226 754 2266 est.
812 2214 922 2282 Ipse
942 2210 1128 2280 Tycho
1159 2211 1210 2262 in
1242 2207 1711 2278 Progymnasmatis
1741 2206 1862 2258 dicit

350 2334 507 2385 pauca
543 2315 649 2382 ejus
687 2312 818 2365 edita
855 2329 961 2364 esse
1000 2308 1302 2377 exemplaria
1338 2320 1386 2360 et
1424 2305 1590 2358 multo
1628 2305 1863 2374 pauciora

351 2415 411 2468 ad
450 2426 646 2466 exteros
684 2410 986 2480 pervenisse.
1044 2409 1253 2461 Exstant
1290 2407 1342 2459 in
1379 2404 1701 2458 bibliothecis
1731 2403 1862 2454 Hau-

353 2514 617 2567 niensibus
669 2511 762 2562 tria
808 2507 1123 2577 exemplaria.
1199 2507 1591 2574 Perpaucorum,
1640 2520 1752 2570 quae
1808 2501 1859 2552 in

352 2609 532 2662 exteris
579 2609 741 2661 adhuc
790 2619 999 2669 exstant,
1051 2618 1173 2657 nota
1210 2604 1362 2656 nobis
1408 2614 1550 2655 sunt:
1602 2618 1766 2653 unum
1806 2600 1858 2650 in

352 2707 553 2777 specula
579 2706 919 2769 Pulcoviensi,
960 2722 1127 2757 unum
1157 2703 1209 2755 in
1240 2701 1441 2771 specula
1470 2697 1858 2765 Edinburgensi.

467 2807 529 2858 Et
565 2805 689 2858 liber
720 2805 800 2857 ille
831 2804 948 2857 ideo
979 2820 1182 2872 quoque
1216 2800 1387 2868 magni
1418 2810 1491 2851 est
1523 2797 1681 2866 pretii,
1722 2794 1859 2864 quod

353 2906 579 2975 primum
654 2922 775 2957 eum
840 2902 1129 2955 studiorum
1193 2900 1413 2952 fructum
1478 2897 1530 2948 in
1597 2894 1858 2964 publicum
