2414 3659
1046 380 1148 423 XIII

350 536 538 570 novam
577 518 771 571 stellam
810 518 1176 582 animadvertit,
1215 536 1241 570 a
1269 521 1587 580 Rynaamne
1625 520 1847 584 (Ronne-

348 615 445 681 Aa)
482 617 798 684 percurritur.

461 714 722 766 Tractatus
760 714 820 766 de
859 713 1029 782 eclipsi
1067 713 1202 765 lunae
1232 726 1279 765 et
1306 713 1475 781 Elegia
1511 715 1563 767 in
1606 716 1846 770 Uraniam

349 812 500 863 etiam
529 812 580 864 in
611 812 709 864 alio
740 811 916 864 codice
947 812 1294 880 manuscripto
1315 811 1636 865 bibliothecae
1658 815 1849 868 Vindo—

348 908 594 961 bonensis
649 921 844 961 exstant
899 927 1118 961 numero
1172 912 1379 962 1068617
1423 911 1636 979 signatO,
1693 931 1845 982 quem

347 1007 518 1075 ipsum
557 1025 761 1076 quoque
799 1007 1016 1059 Hauniae
1056 1007 1320 1061 consulere
1358 987 1638 1077 potuimus,
1695 1011 1750 1063 In
1786 1030 1848 1064 eo

347 1105 579 1174 quaedam
621 1118 812 1158 mutata
849 1118 897 1158 et
938 1105 1171 1173 adjuncta
1198 1119 1332 1170 sunt,
1371 1118 1420 1159 et
1447 1106 1717 1175 longitudo
1749 1108 1847 1162 loci

347 1222 374 1255 a
409 1204 757 1271 Regiomonte
795 1205 1049 1257 Borussiae
1088 1205 1362 1257 assumitur
1393 1205 1470 1262 ‘⁰74⁰
1500 1206 1660 1273 major
1697 1225 1847 1275 quam

347 1302 400 1354 in
438 1301 568 1354 libro
606 1302 856 1371 impresso
895 1316 943 1355 et
980 1304 1032 1355 in
1073 1303 1248 1356 codice
1288 1305 1635 1373 manuscripto
1671 1323 1847 1374 10932.

349 1400 526 1453 Codex
578 1403 788 1454 1068617
837 1419 993 1454 manu
1031 1401 1299 1470 Tychonis
1349 1403 1561 1471 scriptus
1612 1423 1717 1457 non
1759 1418 1846 1469 est,

348 1498 435 1552 sed
458 1512 604 1552 notas
625 1499 817 1568 aliquot
837 1518 994 1552 manu
1016 1500 1285 1569 Tychonis
1307 1501 1627 1569 neglegenter
1646 1504 1849 1572 scriptas

348 1597 510 1650 habet.
585 1599 659 1650 Ex
696 1598 854 1666 signis
892 1599 944 1650 in
986 1599 1211 1666 margine
1250 1600 1428 1667 positis
1467 1600 1702 1669 notisque
1747 1601 1850 1669 qui-

348 1695 563 1748 busdam
628 1696 688 1749 ad
751 1696 1125 1766 typographum
1191 1697 1559 1765 pertinentibus
1623 1711 1851 1752 constare

347 1794 544 1847 videtur
582 1795 815 1847 codicem
855 1794 1000 1847 illum
1039 1795 1170 1864 typis
1209 1795 1516 1848 destinatum
1556 1796 1723 1849 fuisse.

485 1894 542 1946 In
589 1897 895 1945 Astronomiae
939 1897 1220 1945 Instauratce
1268 1897 1694 1958 Proqymnasmatis
1737 1895 1854 1948 loco

347 1992 449 2060 jam
497 1992 648 2044 citato
694 1991 879 2061 Tycho
925 1992 1030 2060 ipse
1089 1992 1365 2059 juvenilem
1413 2011 1566 2045 suum
1616 1993 1676 2046 de
1724 2012 1856 2046 nova

348 2090 488 2144 stella
523 2090 711 2143 librum
751 2091 925 2143 critico
963 2090 1154 2158 judicio
1194 2091 1408 2159 subjicit.
1472 2091 1715 2144 ›Diffiteri
1746 2111 1854 2144 non

350 2207 615 2258 possum«,
655 2189 835 2258 inquit,
882 2189 1049 2258 »quod
1087 2188 1353 2258 aliquoties
1398 2207 1481 2242 me
1521 2190 1664 2242 istius
1702 2190 1858 2259 publi·

351 2287 566 2340 cationis
621 2288 923 2357 paenituerit,
987 2306 1095 2340 non
1153 2287 1292 2356 quod
1355 2306 1410 2340 ea
1464 2306 1576 2357 quae
1631 2288 1857 2340 contine-

350 2386 532 2439 bantur
592 2387 842 2455 praecipua
896 2404 956 2439 ex
1011 2399 1144 2455 parte
1198 2386 1289 2438 rite
1351 2398 1578 2438 constare
1638 2387 1857 2438 incertus

352 2502 534 2549 essem,
563 2485 650 2537 sed
677 2484 815 2554 quod
842 2503 933 2554 pro
960 2485 1028 2537 rei
1057 2503 1208 2554 quam
1229 2483 1462 2537 tractabat
1483 2484 1858 2551 magnificentia

354 2601 462 2635 non
510 2583 758 2635 omnibus
807 2583 911 2635 suis
958 2582 1177 2651 partibus
1225 2583 1341 2634 satis
1387 2582 1665 2635 luculenter
1712 2594 1856 2649 atque

353 2680 514 2733 solide
553 2680 863 2733 elaboratum
903 2693 1057 2743 esset;
1109 2681 1385 2749 praesertim
1422 2698 1559 2743 ver0,
1610 2679 1855 2748 quoniam

355 2778 588 2848 quaedam
646 2797 750 2832 non
809 2779 980 2846 magni
1037 2779 1294 2831 momenti
1343 2797 1401 2830 ex
1450 2777 1634 2830 eodem
1684 2777 1857 2828 Diario

354 2876 620 2945 farragines
657 2877 1100 2945 adjungebantur«
1195 2877 1394 2944 Repetit
1431 2876 1621 2928 ibidem
1659 2875 1720 2926 ad
1757 2893 1857 2927 ver-
