2414 3659
1212 386 1215 388 '
1236 378 1277 421 Χ

510 544 642 578 nova
695 524 832 577 stella
885 522 975 574 alia
1026 518 1197 572 multa.
1287 515 1412 569 Non
1469 512 1527 565 ab
1583 512 1695 580 ipso
1753 508 2008 578 Tychone

509 624 671 676 editus
718 635 804 684 est,
855 620 941 673 sed
989 636 1103 671 cura
1149 615 1299 668 amici
1344 613 1450 681 ejus
1485 614 1713 662 Johanms
1749 611 2006 670 Pratensis,

510 721 804 789 professoris
857 717 1127 770 medicinae
1174 711 1500 774 HauniensiS,
1559 728 1584 762 e
1641 708 2006 777 manuscripto,

509 819 647 888 quod
676 818 859 886 Tycho
891 816 949 868 ad
981 833 1100 867 eum
1130 813 1345 864 miserat.
1410 808 1572 871 Quod
1602 807 2007 876 manuscriptum

510 918 723 969 diarium
753 914 1011 984 quoddam
1042 924 1142 964 erat
1167 910 1286 963 anni
1324 907 1651 961 MDLXXIII
1679 906 1778 974 jam
1801 906 2011 959 ineunte

509 1033 646 1067 anno
682 1012 979 1082 aTychone
1006 1010 1313 1072 absolutum,
1354 1007 1434 1060 cui
1473 1005 1631 1058 diario
1668 1017 1901 1057 tractatus
1932 1005 2010 1058 De

509 1115 658 1167 Nova
704 1112 853 1164 Stella
899 1109 1066 1179 paullo
1113 1120 1225 1160 ante
1264 1106 1472 1159 initium
1510 1104 1631 1157 anni
1670 1103 1802 1156 illius
1841 1104 2010 1172 primo

509 1212 613 1263 visa
652 1209 884 1279 praefixus
922 1220 1035 1260 erat.

623 1309 793 1361 Exstat
848 1305 1100 1374 exemplar
1157 1303 1563 1371 manuscriptum
1620 1301 1725 1369 ejus
1770 1300 1911 1353 diarii
1959 1301 2011 1353 in

511 1407 816 1460 bibliotheca
858 1404 1103 1473 imperiali
1141 1401 1541 1455 Vindobonensi
1589 1417 1808 1452 numero
1852 1417 2014 1468 10932

510 1507 780 1573 signatum,
813 1522 915 1572 quo
937 1501 1208 1570 exemplari
1228 1499 1515 1552 liberalitate
1543 1497 1817 1566 praesidum
1839 1497 2016 1550 biblio-

509 1605 668 1657 thecae
706 1601 1131 1654 Vindobonensis
1178 1598 1395 1651 Hauniae
1442 1597 1514 1649 uti
1562 1596 1717 1648 licuit.
1809 1596 2015 1648 Titulus

512 1704 616 1770 ejus
655 1714 746 1754 est:
803 1700 1062 1752 ›Diarium
1114 1697 1476 1765 astrologicum
1525 1708 1574 1748 et
1620 1695 2015 1764 metheorologi-

511 1819 629 1853 cum
685 1800 805 1852 anni
859 1818 885 1851 a
933 1810 1052 1851 nato
1098 1796 1304 1850 Christo
1358 1812 1479 1863 1573
1541 1794 1600 1847 ad
1655 1794 1756 1847 loci
1800 1794 2018 1862 longitu-

511 1899 686 1951 dinem
724 1897 971 1966 graduum
1015 1914 1090 1965 35,
1130 1894 1451 1947 latitudinem
1489 1893 1738 1961 graduum
1781 1896 1858 1962 56.
1923 1893 2018 1946 Ac-

513 1997 660 2049 cessit
705 2008 937 2048 tractatus
985 1994 1045 2047 de
1085 2012 1217 2046 nova
1260 1993 1476 2062 quadam
1524 2005 1572 2045 et
1609 1992 1845 2044 inusitata
1881 1992 2020 2044 stella

512 2113 624 2164 quae
661 2095 795 2162 juxta
831 2093 991 2145 finem
1031 2092 1151 2144 anni
1190 2091 1520 2160 praecedentis
1567 2091 1693 2143 nulli
1731 2109 1842 2143 aevo
1881 2091 2019 2159 prius

512 2205 783 2261 conspecta
819 2209 1047 2260 apparere
1087 2191 1281 2259 caepit«.
1357 2190 1624 2242 Continet:

648 2290 754 2343 Fol.
796 2309 890 2342 2..
923 2289 1310 2342 .Praefationem
1351 2288 1515 2341 diarii:
1570 2287 1804 2356 »Inclytis
1842 2287 2019 2340 utrius-

514 2407 797 2458 que....«,
849 2406 961 2457 quae
1011 2388 1062 2439 in
1114 2387 1242 2439 libro
1293 2387 1543 2455 impresso
1594 2398 1709 2454 post
1753 2398 2018 2439 tractatum

514 2487 574 2539 de
614 2505 747 2538 nova
784 2486 922 2538 stella
959 2486 1122 2554 posita
1160 2497 1258 2547 est;
1297 2484 1381 2537 fol
1429 2503 1591 2537 10...
1623 2484 1917 2537 Tractatum
1957 2485 2018 2537 de

518 2604 652 2637 nova
683 2585 833 2647 stella,
857 2584 941 2653 qui
972 2584 1023 2636 in
1058 2583 1186 2635 libro
1218 2584 1468 2652 impresso
1500 2583 1851 2652 praefationem
1880 2583 2017 2635 illam

515 2683 771 2752 praecedit3
811 2683 897 2735 fol.
939 2700 1004 2749 24
1036 2727 1044 2734 .
1071 2726 1113 2735 ..
1144 2683 1317 2750 Ipsum
1349 2682 1582 2745 diarium,
1622 2681 1761 2750 quod
1800 2682 1852 2734 in
1890 2681 2020 2734 libro

514 2782 763 2849 impresso
819 2781 1076 2833 omissum
1124 2793 1198 2832 est
1252 2783 1318 2845 (v.
1365 2780 1476 2832 libri
1514 2779 1599 2832 fol.
1642 2780 1704 2833 G.
1749 2779 1876 2846 ult.),
1932 2780 2020 2833 sed

516 2880 656 2947 cujus
695 2897 900 2932 summa
944 2879 995 2931 in
1042 2878 1334 2947 praefatione
1381 2879 1677 2947 exponitur;
1727 2877 1812 2930 fol.
1856 2895 2019 2947 52...
